<?xml version="1.0" encoding="UTF-8"?><collection xmlns="http://www.loc.gov/MARC21/slim"><record><leader>00472nam--2200157-i-4500</leader><controlfield tag="001">000013910</controlfield><controlfield tag="002">20161230</controlfield><controlfield tag="005">20170209164805</controlfield><controlfield tag="008">060222s1000------------r-----000-0-eng-d</controlfield><datafield ind1=" " ind2=" " tag="100"><subfield code="a">Cavasino, Alfonso</subfield></datafield><datafield ind1=" " ind2=" " tag="245"><subfield code="a">Sulla presunta periodicita dei grandi terremot i che colpiscono la costa delle marche e delle romagne</subfield></datafield><datafield ind1=" " ind2=" " tag="260"><subfield code="a">Modena</subfield><subfield code="b">Societa Tipografica Modenese</subfield><subfield code="c">1911</subfield></datafield><datafield ind1=" " ind2=" " tag="300"><subfield code="a">74 p</subfield></datafield><datafield ind1=" " ind2=" " tag="700"><subfield code="a">Agamennone, G</subfield></datafield><datafield ind1=" " ind2=" " tag="852"><subfield code="a">550.34</subfield></datafield><datafield ind1=" " ind2=" " tag="CAT"><subfield code="a">SYS</subfield><subfield code="c">20170209</subfield><subfield code="h">164805</subfield></datafield></record></collection>